<record><leader>00000cas a22000007a 4500</leader><controlfield tag="001">11988148</controlfield><controlfield tag="008">850501d19761981iauwr ne      0    0eng d</controlfield><datafield ind1=" " ind2=" " tag="010"><subfield code="a">sn 85049609 </subfield></datafield><datafield ind1=" " ind2=" " tag="040"><subfield code="a">INP</subfield><subfield code="b">eng</subfield><subfield code="c">INP</subfield><subfield code="d">OCLCQ</subfield></datafield><datafield ind1=" " ind2=" " tag="042"><subfield code="a">msc</subfield></datafield><datafield ind1="0" ind2=" " tag="130"><subfield code="a">Reporter (Lone Tree, Iowa)</subfield></datafield><datafield ind1="1" ind2="4" tag="245"><subfield code="a">The reporter.</subfield></datafield><datafield ind1=" " ind2=" " tag="260"><subfield code="a">Lone Tree, Iowa :</subfield><subfield code="b">Nordstrom Pub. Co.,</subfield><subfield code="c">1976-1981.</subfield></datafield><datafield ind1=" " ind2=" " tag="300"><subfield code="a">3 v. :</subfield><subfield code="b">ill. ;</subfield><subfield code="c">44 cm.</subfield></datafield><datafield ind1=" " ind2=" " tag="310"><subfield code="a">Weekly</subfield></datafield><datafield ind1="0" ind2=" " tag="362"><subfield code="a">Vol. 86, no. 33 (June 15, 1976)-v. 89, no. 9 (Jan. 27, 1981).</subfield></datafield><datafield ind1=" " ind2=" " tag="500"><subfield code="a">Editors: Kenneth J. Nordstrom &lt;June 15, 1976&gt;-Aug. 23, 1977; Carla S. Nordstrom, Aug. 30, 1977-Sept. 11, 1979; Carla S. Lyon, Sept. 18, 1979-Jan. 20, 1981.</subfield></datafield><datafield ind1=" " ind2=" " tag="752"><subfield code="a">United States</subfield><subfield code="b">Iowa</subfield><subfield code="c">Johnson</subfield><subfield code="d">Lone Tree.</subfield></datafield><datafield ind1="0" ind2="0" tag="780"><subfield code="t">Lone Tree reporter (Lone Tree, Iowa : 1895)</subfield><subfield code="w">(DLC)sn 85049608</subfield></datafield><datafield ind1="0" ind2="0" tag="785"><subfield code="t">Lone Tree reporter (Lone Tree, Iowa : 1981)</subfield><subfield code="w">(DLC)sn 85049610</subfield></datafield><datafield ind1="1" ind2=" " tag="029"><subfield code="a">AU@</subfield><subfield code="b">000025841753</subfield></datafield></record>